@Comment А вот так оформляется библиография при помощи BibTeX.

@Book{Pup09,
  author =		 {Василий Пупкин and Эйнштейн, А.},
  title = 		 {\LaTeX для <<чайников>>},
  publisher = 	 {М.},
  year = 		 {2009},
  language =     "russian"
}

@misc{WikiPong,
  author = 		{Wikipedia},
  title = 		{Pong (игра)},
  publisher =	{Wikipedia},
  url = 		{https://en.wikipedia.org/wiki/Pong}
  
}

@misc{KongreGatePong,
	author = 		{Kongregate},
	title = 		{Multiplayer Pong},
	publisher =	{Kongregate},
	url = 		{http://www.kongregate.com/games/gabrieltoisso/multiplayer-pong}
	
}